<record><leader>00000cas a22000007a 4500</leader><controlfield tag="001">18400125</controlfield><controlfield tag="008">880825d187u1uuutxudr ne      0    0eng d</controlfield><datafield ind1=" " ind2=" " tag="010"><subfield code="a">sn 88084148 </subfield></datafield><datafield ind1=" " ind2=" " tag="040"><subfield code="a">PPM</subfield><subfield code="b">eng</subfield><subfield code="c">PPM</subfield><subfield code="d">OCLCQ</subfield></datafield><datafield ind1=" " ind2=" " tag="042"><subfield code="a">msc</subfield></datafield><datafield ind1="0" ind2="0" tag="245"><subfield code="a">Daily Fort Worth standard.</subfield></datafield><datafield ind1=" " ind2=" " tag="260"><subfield code="a">Fort Worth, Tex. :</subfield><subfield code="b">[s.n.]</subfield></datafield><datafield ind1=" " ind2=" " tag="310"><subfield code="a">Daily</subfield></datafield><datafield ind1=" " ind2=" " tag="588"><subfield code="a">Description based on: Vol. 2, no. 1 (Sept. 3, 1877).</subfield></datafield><datafield ind1=" " ind2=" " tag="752"><subfield code="a">United States</subfield><subfield code="b">Texas</subfield><subfield code="c">Tarrant</subfield><subfield code="d">Fort Worth.</subfield></datafield><datafield ind1="0" ind2="0" tag="780"><subfield code="t">Fort Worth standard</subfield><subfield code="w">(DLC)sn 83021374</subfield></datafield></record>